<record><leader>00000cas a22000007a 4500</leader><controlfield tag="001">12178047</controlfield><controlfield tag="008">850620c19859999tnucr n       0   a0eng d</controlfield><datafield ind1=" " ind2=" " tag="010"><subfield code="a">sn 85007261 </subfield></datafield><datafield ind1=" " ind2=" " tag="040"><subfield code="a">NSD</subfield><subfield code="b">eng</subfield><subfield code="c">NSD</subfield><subfield code="d">TGN</subfield><subfield code="d">OCLCQ</subfield><subfield code="d">OCLCF</subfield><subfield code="d">OCLCO</subfield></datafield><datafield ind1=" " ind2=" " tag="012"><subfield code="m">1</subfield></datafield><datafield ind1="1" ind2=" " tag="022"><subfield code="a">0883-6531</subfield><subfield code="l">0883-6531</subfield><subfield code="2">1</subfield></datafield><datafield ind1="1" ind2=" " tag="029"><subfield code="a">AU@</subfield><subfield code="b">000020375706</subfield></datafield><datafield ind1=" " ind2=" " tag="032"><subfield code="a">558710</subfield><subfield code="b">USPS</subfield></datafield><datafield ind1=" " ind2=" " tag="037"><subfield code="b">Lawrence County Advocate, P.O. Box 308, Lawrenceburg, TN 38464</subfield></datafield><datafield ind1=" " ind2=" " tag="042"><subfield code="a">nsdp</subfield><subfield code="a">msc</subfield></datafield><datafield ind1=" " ind2=" " tag="043"><subfield code="a">n-us-tn</subfield></datafield><datafield ind1=" " ind2="0" tag="222"><subfield code="a">Lawrence County advocate</subfield></datafield><datafield ind1="0" ind2="0" tag="245"><subfield code="a">Lawrence County advocate.</subfield></datafield><datafield ind1="3" ind2="0" tag="246"><subfield code="a">Advocate</subfield></datafield><datafield ind1=" " ind2=" " tag="260"><subfield code="a">Lawrenceburg, Tenn. :</subfield><subfield code="b">Sam D. Kennedy,</subfield><subfield code="c">1985-</subfield></datafield><datafield ind1=" " ind2=" " tag="310"><subfield code="a">Semiweekly,</subfield><subfield code="b">Oct. 29, 1989-</subfield></datafield><datafield ind1=" " ind2=" " tag="321"><subfield code="a">Weekly,</subfield><subfield code="b">Mar. 13, 1985-Oct. 25, 1989</subfield></datafield><datafield ind1="0" ind2=" " tag="362"><subfield code="a">Vol. 1, no. 2 (Mar. 13, 1985)-</subfield></datafield><datafield ind1=" " ind2="0" tag="651"><subfield code="a">Lawrenceburg (Tenn.)</subfield><subfield code="v">Newspapers.</subfield></datafield><datafield ind1=" " ind2="0" tag="651"><subfield code="a">Lawrence County (Tenn.)</subfield><subfield code="v">Newspapers.</subfield></datafield><datafield ind1=" " ind2="7" tag="655"><subfield code="a">Newspapers.</subfield><subfield code="2">fast</subfield><subfield code="0">(OCoLC)fst01423814</subfield></datafield><datafield ind1=" " ind2="7" tag="651"><subfield code="a">Tennessee</subfield><subfield code="z">Lawrence County.</subfield><subfield code="2">fast</subfield><subfield code="0">(OCoLC)fst01214509</subfield></datafield><datafield ind1=" " ind2="7" tag="651"><subfield code="a">Tennessee</subfield><subfield code="z">Lawrenceburg.</subfield><subfield code="2">fast</subfield><subfield code="0">(OCoLC)fst01224705</subfield></datafield><datafield ind1=" " ind2=" " tag="752"><subfield code="a">United States</subfield><subfield code="b">Tennessee</subfield><subfield code="c">Lawrence</subfield><subfield code="d">Lawrenceburg.</subfield></datafield><datafield ind1="0" ind2="0" tag="780"><subfield code="t">Lawrence County news (Lawrenceburg, Tenn.)</subfield><subfield code="w">(DLC)sn 97065068</subfield></datafield></record>